@book{metev1998,
  author = {Muhammad Metev and Pardjiyo Veiko},
  title = {Laser Assisted Microtechnology},
  edition = {2nd},
  editor = {R. M. Osgood, Jr.},
  publisher = {Springer-Verlag},
  address = {Berlin, Germany},
  year = {1998},
}

@book{breckling1989,
  editor = {J. Breckling},
  title = {The Analysis of Directional Time Series: Applications to Wind Speed
           and Direction},
  series = {Lecture Notes in Statistics},
  volume = {61},
  publisher = {Springer},
  address = {Berlin, Germany},
  year = {1989},
}

@article{zhang1999,
  author = {S. Zhang and C. Zhu and J. K. O. Sin and P. K. T. Mok},
  title = {A novel ultrathin elevated channel low-temperature poly-Si TFT},
  journal = {IEEE Electron Device Lett.},
  volume = {20},
  pages = {569--571},
  month = {Nov.},
  year = {1999},
}

@inproceedings{wegmuller2000,
  author = {M. Wegmuller and J. P. von der Weid and P. Oberson and N. Gisin},
  title = {Highresolution fiber distributed measurements with coherent OFDR},
  booktitle = {Proc. ECOC'00},
  year = {2000},
  pages = {109},
  note = {paper 11.3.4},
}

@misc{sorace1997,
  author = {R. E. Sorace and V. S. Reinhardt and S. A. Vaughn},
  title = {High-speed digital-to-RF converter},
  howpublished = {U.S. Patent 5 668 842},
  month = {Sept. 16},
  year = {1997},
}

@misc{ieee2002,
  title = {The IEEE website},
  howpublished = {\url{http://www.ieee.org/}},
  note = {tanggal akses: 16 September 2014},
  year = {2002},
}

@misc{shell2002,
  author = {Michael Shell},
  title = {IEEEtran homepage on CTAN},
  howpublished = {\url{
                  http://www.ctan.org/tex-archive/macros/latex/contrib/supported/IEEEtran/
                  }},
  note = {tanggal akses: 16 September 2014},
  year = {2002},
}

@manual{flexchip1996,
  title = {FLEXChip Signal Processor (MC68175/D)},
  organization = {Motorola},
  year = {1996},
}

@manual{pdca1999,
  title = {PDCA12-70 data sheet},
  organization = {Opto Speed SA},
  address = {Mezzovico, Switzerland},
  year = {1999},
}

@mastersthesis{karnik1999,
  author = {A. Karnik},
  title = {Performance of TCP congestion control with rate feedback:TCP/ABR and
           rate adaptive TCP/IP},
  school = {Indian Institute of Science},
  address = {Bangalore, India},
  month = {Jan.},
  year = {1999},
}

@techreport{padhye1999,
  author = {J. Padhye and V. Firoiu and D. Towsley},
  title = {A stochastic model of TCP Renocongestion avoidance and control},
  institution = {Univ. of Massachusetts},
  address = {Amherst, MA},
  number = {CMPSCI Tech. hal. 99-02},
  year = {1999},
}

@misc{ieee8021997,
  title = {Wireless LAN Medium Access Control (MAC) and Physical Layer (PHY)
           Specification},
  howpublished = {IEEE Std. 802.11},
  year = {1997},
}
